%%%%%%%%%%%%%%%%%%%%%%%%%%%%%%%%%%%%%%%%%%%%%%%%%%%%%%%%%%%%%%%%%%%%%%%%%
%%
%W  factint.bib             FactInt documentation             Stefan Kohl
%%
%%%%%%%%%%%%%%%%%%%%%%%%%%%%%%%%%%%%%%%%%%%%%%%%%%%%%%%%%%%%%%%%%%%%%%%%%

@Book{FactorizationAndPrimalityTesting,
      Author    = {David M. Bressoud},
      Title     = {Factorization and Primality Testing},
      Year      = 1989,
      Publisher = {Springer-Verlag},
      ISBN      = {0-387-97040-1}
      }

@Book{ComputationalAlgebraicNumberTheory,
      Author    = {Henri Cohen},
      Title     = {A Course in Computational Algebraic Number Theory},
      Year      = 1993,
      Publisher = {Springer-Verlag},
      ISBN      = {0-387-55640-0}
      }

@Misc{BrentsECM,
      Author    = {Richard P. Brent},
      Title     = {{Factorization of the Tenth and Eleventh Fermat Numbers}},
      Year      = 1996,
      Address   = {ftp://ftp.comlab.ox.ac.uk/pub/Documents/techpapers/Richard.Brent/rpb161tr.dvi.gz}
      }

%%%%%%%%%%%%%%%%%%%%%%%%%%%%%%%%%%%%%%%%%%%%%%%%%%%%%%%%%%%%%%%%%%%%%%%%%
%%
%E  factint.bib	. . . . . . . . . . . . . . . . . . . . . . . . ends here
